% BibTeX database for the paper asme2e.tex
%% bibtexfile{
%% author    = 
"Harry H. Cheng",
%% version   =  "2",
%% date      =  "January  01,
2003",
%% filename  =  "asme2e.bib",
%% address   =  "Integration
Engineering Laboratory
%%              Department of Mechanical and
Aeronautical Engineering
%%              University of California
%%        
     Davis, CA 95616",
%% telephone =  "(530) 752-5020 (office)
%%          
    (530) 752-1028 (lab)
%%               (530) 752-4158 (Fax:)",
%% email  
  =  "<hhcheng at ucdavis.edu>" 

%% This BibTeX bibliography file was created using BibDesk.
%% http://www.cs.ucsd.edu/~mmccrack/bibdesk.html


%% Created for neil at 2002-12-09 14:04:13 +1300 




@article{zhang2010cloud,
  title={Cloud computing: state-of-the-art and research challenges},
  author={Zhang, Qi and Cheng, Lu and Boutaba, Raouf},
  journal={Journal of internet services and applications},
  volume={1},
  number={1},
  pages={7--18},
  year={2010},
  publisher={Springer}
}

@article{rodriguez2012summary,
  title={A summary of virtualization techniques},
  author={Rodr{\'\i}guez-Haro, Fernando and Freitag, Felix and Navarro, Leandro and Hern{\'a}nchez-s{\'a}nchez, Efra{\'\i}n and Far{\'\i}as-Mendoza, Nicandro and Guerrero-Ib{\'a}{\~n}ez, Juan Antonio and Gonz{\'a}lez-Potes, Apolinar},
  journal={Procedia Technology},
  volume={3},
  pages={267--272},
  year={2012},
  publisher={Elsevier}
}

@article{vaquero2008break,
  title={A break in the clouds: towards a cloud definition},
  author={Vaquero, Luis M and Rodero-Merino, Luis and Caceres, Juan and Lindner, Maik},
  journal={ACM SIGCOMM Computer Communication Review},
  volume={39},
  number={1},
  pages={50--55},
  year={2008},
  publisher={ACM}
}

@inproceedings{anastasi2014qbrokage,
  title={Qbrokage: A genetic approach for qos cloud brokering},
  author={Anastasi, Gaetano F and Carlini, Emanuele and Coppola, Massimo and Dazzi, Patrizio},
  booktitle={Cloud Computing (CLOUD), 2014 IEEE 7th International Conference on},
  pages={304--311},
  year={2014},
  organization={IEEE}
}

@inproceedings{hajjem2016mmas,
  title={An MMAS-GA for resource allocation in multi-cloud systems},
  author={Hajjem, Lotfi and Benabdallah, Salah},
  booktitle={Internet Technology and Secured Transactions (ICITST), 2016 11th International Conference for},
  pages={421--426},
  year={2016},
  organization={IEEE}
}

@inproceedings{iturriaga2013parallel,
  title={A parallel hybrid evolutionary algorithm for the optimization of broker virtual machines subletting in cloud systems},
  author={Iturriaga, Santiago and Nesmachnow, Sergio and Dorronsoro, Bernab{\'e} and Talbi, El-Ghazali and Bouvry, Pascal},
  booktitle={P2P, Parallel, Grid, Cloud and Internet Computing (3PGCIC), 2013 Eighth International Conference on},
  pages={594--599},
  year={2013},
  organization={IEEE}
}

@incollection{HCSP,
	Year = {2000},
	Title = {Heterogeneous Computing Scheduling Problem},
	Booktitle = {https://www.fing.edu.uy/inco/grupos/cecal/hpc/HCSP/index.htm},
	Author = {HCSP}
}

@inproceedings{kessaci2013pareto,
  title={A pareto-based genetic algorithm for optimized assignment of vm requests on a cloud brokering environment},
  author={Kessaci, Yacine and Melab, Nouredine and Talbi, El-Ghazali},
  booktitle={Evolutionary Computation (CEC), 2013 IEEE Congress on},
  pages={2496--2503},
  year={2013},
  organization={IEEE}
}

@article{aboolian2009location,
  title={A location--allocation problem for a web services provider in a competitive market},
  author={Aboolian, Robert and Sun, Yi and Koehler, Gary J},
  journal={European Journal of Operational Research},
  volume={194},
  number={1},
  pages={64--77},
  year={2009},
  publisher={Elsevier}
}

@article{bao2016orthogonal,
  title={An Orthogonal Genetic Algorithm for QoS-Aware Service Composition},
  author={Bao, Liang and Zhao, Fen and Shen, Mengqing and Qi, Yutao and Chen, Ping},
  journal={The Computer Journal},
  volume={59},
  number={12},
  pages={1857--1871},
  year={2016},
  publisher={Br Computer Soc}
}

@inproceedings{al2007discovering,
  title={Discovering the best web service},
  author={Al-Masri, Eyhab and Mahmoud, Qusay H},
  booktitle={Proceedings of the 16th international conference on World Wide Web},
  pages={1257--1258},
  year={2007},
  organization={ACM}
}

@inproceedings{al2008investigating,
  title={Investigating web services on the world wide web},
  author={Al-Masri, Eyhab and Mahmoud, Qusay H},
  booktitle={Proceedings of the 17th international conference on World Wide Web},
  pages={795--804},
  year={2008},
  organization={ACM}
}

@inproceedings{tan2016optimization,
  title={Optimization of Location Allocation of Web Services Using A Modified Non-dominated Sorting Genetic Algorithm},
  author={Tan, Boxiong and Ma, Hui and Zhang, Mengjie},
  booktitle={Australasian Conference on Artificial Life and Computational Intelligence},
  pages={246--257},
  year={2016},
  organization={Springer}
}

@inproceedings{tan2017binary,
  title={Binary PSO for Web Service Location-Allocation},
  author={Tan, Boxiong and Huang, Hai and Ma, Hui and Zhang, Mengjie},
  booktitle={Australasian Conference on Artificial Life and Computational Intelligence},
  pages={366--377},
  year={2017},
  organization={Springer}
}	

@inproceedings{tan2016particle,
  title={Particle swarm optimization for multi-objective web service location allocation},
  author={Tan, Boxiong and Mei, Yi and Ma, Hui and Zhang, Mengjie},
  booktitle={European Conference on Evolutionary Computation in Combinatorial Optimization},
  pages={219--234},
  year={2016},
  organization={Springer}
}

@article{zheng2014investigating,
  title={Investigating QoS of real-world web services},
  author={Zheng, Zibin and Zhang, Yilei and Lyu, Michael R},
  journal={IEEE Transactions on Services Computing},
  volume={7},
  number={1},
  pages={32--39},
  year={2014},
  publisher={IEEE}
}

@inproceedings{zheng2010distributed,
  title={Distributed qos evaluation for real-world web services},
  author={Zheng, Zibin and Zhang, Yilei and Lyu, Michael R},
  booktitle={Web Services (ICWS), 2010 IEEE International Conference on},
  pages={83--90},
  year={2010},
  organization={IEEE}
}

@inproceedings{rahimi2012mapcloud,
  title={MAPCloud: mobile applications on an elastic and scalable 2-tier cloud architecture},
  author={Rahimi, M Reza and Venkatasubramanian, Nalini and Mehrotra, Sharad and Vasilakos, Athanasios V},
  booktitle={Utility and Cloud Computing (UCC), 2012 IEEE Fifth International Conference on},
  pages={83--90},
  year={2012},
  organization={IEEE}
}

@inproceedings{portaluri2016multi,
  title={Multi Objective Virtual Machine Allocation in Cloud Data Centers},
  author={Portaluri, Giuseppe and Giordano, Stefano},
  booktitle={Cloud Networking (Cloudnet), 2016 5th IEEE International Conference on},
  pages={107--112},
  year={2016},
  organization={IEEE}
}

@inproceedings{pires2013multi,
  title={Multi-objective virtual machine placement with service level agreement: A memetic algorithm approach},
  author={Pires, Fabio L{\'o}pez and Bar{\'a}n, Benjam{\'\i}n},
  booktitle={Proceedings of the 2013 IEEE/ACM 6th International Conference on Utility and Cloud Computing},
  pages={203--210},
  year={2013},
  organization={IEEE Computer Society}
}

@incollection{IBM01,
	Year = {2010},
	Title = {Efficient Modeling in ILOG OPL CPLEX Development System},
	Booktitle = {White Paper},}

@inproceedings{gao2016energy,
  title={An energy-aware ant colony algorithm for network-aware virtual machine placement in cloud computing},
  author={Gao, Chuangen and Wang, Hua and Zhai, Linbo and Gao, Yanqing and Yi, Shanwen},
  booktitle={Parallel and Distributed Systems (ICPADS), 2016 IEEE 22nd International Conference on},
  pages={669--676},
  year={2016},
  organization={IEEE}
}

@inproceedings{ahvar2016cacev,
  title={CACEV: a Cost and Carbon Emission-Efficient Virtual Machine Placement Method for Green Distributed Clouds},
  author={Ahvar, Ehsan and Ahvar, Shohreh and Mann, Zolt{\'a}n Ad{\'a}m and Crespi, Noel and Garcia-Alfaro, Joaquin and Glitho, Roch},
  booktitle={Services Computing (SCC), 2016 IEEE International Conference on},
  pages={275--282},
  year={2016},
  organization={IEEE}
}

@inproceedings{zhao2011multi,
  title={Multi-objective optimization model of virtual resources scheduling under cloud computing and it's solution},
  author={Zhao, Jianfeng and Zeng, Wenhua and Liu, Min and Li, Guangming},
  booktitle={Cloud and Service Computing (CSC), 2011 International Conference on},
  pages={185--190},
  year={2011},
  organization={IEEE}
}

@article{sotomayor2009virtual,
  title={Virtual infrastructure management in private and hybrid clouds},
  author={Sotomayor, Borja and Montero, Rub{\'e}n S and Llorente, Ignacio M and Foster, Ian},
  journal={IEEE Internet computing},
  volume={13},
  number={5},
  year={2009},
  publisher={IEEE}
}

@inproceedings{sundararajan2015constrained,
  title={A constrained genetic algorithm for rebalancing of services in cloud data centers},
  author={Sundararajan, Priya Krishnan and Feller, Eugen and Forgeat, Julien and Mengshoel, Ole J},
  booktitle={Cloud Computing (CLOUD), 2015 IEEE 8th International Conference on},
  pages={653--660},
  year={2015},
  organization={IEEE}
}

@article{park2006comon,
  title={CoMon: a mostly-scalable monitoring system for PlanetLab},
  author={Park, KyoungSoo and Pai, Vivek S},
  journal={ACM SIGOPS Operating Systems Review},
  volume={40},
  number={1},
  pages={65--74},
  year={2006},
  publisher={ACM}
}

@inproceedings{ramezani2016multi,
  title={A multi-objective optimization model for virtual machine mapping in cloud data centres},
  author={Ramezani, Fahimeh and Naderpour, Mohsen and Lu, Jie},
  booktitle={Fuzzy Systems (FUZZ-IEEE), 2016 IEEE International Conference on},
  pages={1259--1265},
  year={2016},
  organization={IEEE}
}

@inproceedings{sharma2016demand,
  title={On demand Virtual Machine allocation and migration at cloud data center using Hybrid of Cat Swarm Optimization and Genetic Algorithm},
  author={Sharma, Neeraj Kumar and Guddeti, Ram Mohana Reddy},
  booktitle={Eco-friendly Computing and Communication Systems (ICECCS), 2016 Fifth International Conference on},
  pages={27--32},
  year={2016},
  organization={IEEE}
}

@incollection{kennedy2011particle,
  title={Particle swarm optimization},
  author={Kennedy, James},
  booktitle={Encyclopedia of machine learning},
  pages={760--766},
  year={2011},
  publisher={Springer}
}

@article{bai2010analysis,
  title={Analysis of particle swarm optimization algorithm},
  author={Bai, Qinghai},
  journal={Computer and information science},
  volume={3},
  number={1},
  pages={180},
  year={2010}
}

@article{reyes2006multi,
  title={Multi-objective particle swarm optimizers: A survey of the state-of-the-art},
  author={Reyes-Sierra, Margarita and Coello, CA Coello},
  journal={International journal of computational intelligence research},
  volume={2},
  number={3},
  pages={287--308},
  year={2006}
}

@article{calheiros2011cloudsim,
  title={CloudSim: a toolkit for modeling and simulation of cloud computing environments and evaluation of resource provisioning algorithms},
  author={Calheiros, Rodrigo N and Ranjan, Rajiv and Beloglazov, Anton and De Rose, C{\'e}sar AF and Buyya, Rajkumar},
  journal={Software: Practice and experience},
  volume={41},
  number={1},
  pages={23--50},
  year={2011},
  publisher={Wiley Online Library}
}

@inproceedings{kliazovich2010greencloud,
  title={GreenCloud: a packet-level simulator of energy-aware cloud computing data centers},
  author={Kliazovich, Dzmitry and Bouvry, Pascal and Audzevich, Yury and Khan, Samee Ullah},
  booktitle={Global Telecommunications Conference (GLOBECOM 2010), 2010 IEEE},
  pages={1--5},
  year={2010},
  organization={IEEE}
}

@article{nunez2012icancloud,
  title={iCanCloud: A flexible and scalable cloud infrastructure simulator},
  author={N{\'u}{\~n}ez, Alberto and V{\'a}zquez-Poletti, Jose L and Caminero, Agustin C and Casta{\~n}{\'e}, Gabriel G and Carretero, Jesus and Llorente, Ignacio M},
  journal={Journal of Grid Computing},
  volume={10},
  number={1},
  pages={185--209},
  year={2012},
  publisher={Springer}
}

@inproceedings{wickremasinghe2010cloudanalyst,
  title={Cloudanalyst: A cloudsim-based visual modeller for analysing cloud computing environments and applications},
  author={Wickremasinghe, Bhathiya and Calheiros, Rodrigo N and Buyya, Rajkumar},
  booktitle={Advanced Information Networking and Applications (AINA), 2010 24th IEEE International Conference on},
  pages={446--452},
  year={2010},
  organization={IEEE}
}


@inproceedings{jadeja2012cloud,
  title={Cloud computing-concepts, architecture and challenges},
  author={Jadeja, Yashpalsinh and Modi, Kirit},
  booktitle={Computing, Electronics and Electrical Technologies (ICCEET), 2012 International Conference on},
  pages={877--880},
  year={2012},
  organization={IEEE}
}

@inproceedings{foster2008cloud,
  title={Cloud computing and grid computing 360-degree compared},
  author={Foster, Ian and Zhao, Yong and Raicu, Ioan and Lu, Shiyong},
  booktitle={Grid Computing Environments Workshop, 2008. GCE'08},
  pages={1--10},
  year={2008},
  organization={Ieee}
}

@article{stutzle2000max,
  title={MAX--MIN ant system},
  author={St{\"u}tzle, Thomas and Hoos, Holger H},
  journal={Future generation computer systems},
  volume={16},
  number={8},
  pages={889--914},
  year={2000},
  publisher={Elsevier}
}

@inproceedings{parikh2013survey,
  title={A survey on cloud computing resource allocation techniques},
  author={Parikh, Swapnil M},
  booktitle={Engineering (NUiCONE), 2013 Nirma University International Conference on},
  pages={1--5},
  year={2013},
  organization={IEEE}
}

@inproceedings{dillon2010cloud,
  title={Cloud computing: issues and challenges},
  author={Dillon, Tharam and Wu, Chen and Chang, Elizabeth},
  booktitle={Advanced Information Networking and Applications (AINA), 2010 24th IEEE International Conference on},
  pages={27--33},
  year={2010},
  organization={Ieee}
}

@article{endo2011resource,
  title={Resource allocation for distributed cloud: concepts and research challenges},
  author={Endo, Patricia Takako and de Almeida Palhares, Andre Vitor and Pereira, Nadilma Nunes and Goncalves, Glauco Estacio and Sadok, Djamel and Kelner, Judith and Melander, Bob and Mangs, Jan-Erik},
  journal={IEEE network},
  volume={25},
  number={4},
  year={2011},
  publisher={IEEE}
}

@article{jennings2015resource,
  title={Resource management in clouds: Survey and research challenges},
  author={Jennings, Brendan and Stadler, Rolf},
  journal={Journal of Network and Systems Management},
  volume={23},
  number={3},
  pages={567},
  year={2015},
  publisher={Springer Science \& Business Media}
}

@article{guzek2015survey,
  title={A survey of evolutionary computation for resource management of processing in cloud computing},
  author={Guzek, Mateusz and Bouvry, Pascal and Talbi, El-Ghazali},
  journal={IEEE Computational Intelligence Magazine},
  volume={10},
  number={2},
  pages={53--67},
  year={2015},
  publisher={IEEE}
}



@incollection{Dum93a,
	Crossref = {Dum93},
	Pages = {1--33},
	Year = {1993},
	Title = {What is a theory of meaning? (I)},
	Booktitle = {The Seas of Language},
	Author = {Dummett, Michael},
	Note = {First published in S. Guttenplan, editor, {\it Mind and Language}, Oxford University Press, Oxford, England, 1975.}}

@book{Dum93,
	Year = {1993},
	Title = {The Seas of Language},
	Address = {Oxford, England},
	Publisher = {Oxford University Press},
	Author = {Dummett, Michael}}

@book{GMS94,
	Year = {1994},
	Title = {The \LaTeX\ Companion},
	Address = {Reading, Massachusetts, USA},
	Publisher = {Addison-Wesley},
	Author = {Goosens, Michel and Mittelbach, Frank and Samarin, Alexander}}

@book{GRM97GC,
	Year = {1997},
	Title = {The \LaTeX\ Graphics Companion: illustrating documents with \TeX\ and PostScript},
	Address = {Reading, Massachusetts, USA},
	Publisher = {Addison-Wesley},
	Author = {Goosens, Michel and Sebastian P. Q. Rahtz and Mittelbach, Frank}}

@book{Lam94,
	Year = {1994},
	Title = {\LaTeX: a document preparation system: user's guide and reference manual},
	Address = {Reading, Massachusetts, USA},
	Edition = {{S}econd},
	Publisher = {Addison-Wesley},
	Author = {Lamport, Leslie}}








@article{art,
	author	=	"A. Author and
B. Author and C. Author",
	title	=	"Article title",
	journal =   "Journal
{N}ame",
	volume  =	1,
	number	=	5,
	pages   =   "1--3",
	month   =  
"May",
	year	=	1994}

@book{latex,
	author	  =	"L. Lamport",
	title	 
=	"\LaTeX: a Document Preparation System",
	publisher =
"Addison-Wesley",
	year	  =	1986,
	address   =	"Reading,
MA"}

@book{goosens,
	author	  =	"M. Goosens and F. Mittelbach and A.
Samarin",
	title	  =	"The \LaTeX\ Companion",
	publisher
=	"Addison-Wesley",
	address	  =	"Reading, MA",
	year	 
=	1994}

@booklet{blt,
	author	=	"A. Booklet",
	title	=	"Booklet
title",
	howpublished =   "On the WWW",
	address =	"at
\verb+http://www.abc.edu+",
	note	=	"PDF file",
	month   =  
"May",
	year	=	1994}

@inbook{ibk,
	editor    =	"A. Inbook",
	title	 
=	"Book title",
	chapter   = 1,
	pages     = "1--3",
	volume 
=	2,
	series	=	"{Series Title}",
	edition = "$1^{st}$",
	type    =
"{Chap.}",
	publisher =	"Publisher {N}ame",
	address   =	"Publisher
address",
	note      = "See also URL \verb+http://www.abc.edu+",
	year	 
=	1991}

@incollection{icn,
	author    =	"A. Incollection",
	title	 
=	"Article title",
	editor    =	"A. Editor",
	booktitle =	"Collection
{T}itle",
	chapter   = 1,
	pages     = "1--3",
	volume 
=	2,
	series	=	"Series title",
	month   =   "May",
	edition =
"$3^{rd}$",
	type    = "{C}hapter",
	publisher =	"Publisher
{N}ame",
	address   =	"Publisher address",
	note      = "See also URL
\verb+http://www.abc.edu+",
	year	  =	1991}

@inproceedings{ips,
	author   
=	"A. Inproceedings",
	title	  =	"Article title",
	editor    =	"A. Editor
and B. Editor",
	booktitle =	"Proceedings {T}itle",
	volume  =	"{\bf
1}",
	series	=	"Series name",
	pages     = "1--3",
	address   =	"Publisher
address",
	month   =   "May",
	organization =	"Organization
{N}ame",
	publisher =	"Publisher {N}ame",
	note      = "Paper number
1234",
	year	  =	1991}

@manual{asmemanual,
	author    =	"{ASME}",
	title	 
=	"{ASME} Manual {MS-4}, An {ASME} Paper",
	organization =	"The American
Society of Mechanical Engineers",
	edition  = "latest",
	address   =	"New
York",
	note      = "See also URL
\verb+http://www.asme.org/pubs/MS4.html+",
	year	 
=	2003}

@mastersthesis{mts,
     author = "A. Mastersthesis",
     title =
"{Thesis Title}",
     school = "University of Higher Education",
     year
= 2003,
     type = "{MS Thesis}",
     address = "Cambridge, {MA}",
    
month = "May",
     note = "See also URL
\verb+http://www.abc.edu+"}

@misc{mis,
     author = "A. Misc",
     title 
= "Miscellaneous {T}itle",
     howpublished = "On the WWW",
     month =
"May",
     year = "2003",
     note = "URL
\verb+http://www.abc.edu+"}

@phdthesis{pts,
     author = "A. Phdthesis",
 
   title = "{Thesis Title}",
     school = "University of Higher
Education",
     year = 2003,
     type = "{PhD Thesis}",
     address =
"Cambridge, {MA}",
     month = "May",
     note = "See also URL
\verb+http://www.abc.edu+"}

@proceedings{pro,
	title	  =	"Volume
{T}itle",
	year	  =	1991,
	editor    =	"A. Proceedings",
	volume   
=	1,
	series	  =	"Proceedings {S}eries",
	address   =	"Publisher
address",
	month   =   "May",
	organization =	"Organization
{N}ame",
	publisher =	"Publisher {N}ame",
	note      = "See also URL
\verb+http://www.abc.edu+"}

@techreport{trt,
     author = "A.
Techreport",
     title = "{Techreport title}",
     institution =
"University of Higher Education",
     year = "2003",
     type = "Progress
report",
     number = "1",
     address = "Cambridge, {MA}",
     month =
"May",
     note = "See also URL
\verb+http://www.abc.edu+"}

@unpublished{upd,
     author = "A.
Unpublished",
     title = "{Unpublished document title}",
     note = "See
also URL \verb+http://www.abc.edu+",
     month = "May",
     year = 2003}
